
@INPROCEEDINGS{yao,
  author={A. C. {Yao}},
  booktitle={27th Annual Symposium on Foundations of Computer Science (sfcs 1986)},
  title={How to generate and exchange secrets},
  year={1986},
  volume={},
  number={},
  pages={162-167},
  doi={10.1109/SFCS.1986.25}}

@Inbook{Frikken2011,
author="Frikken, Keith B.",
editor="van Tilborg, Henk C. A.
and Jajodia, Sushil",
title="Secure Multiparty Computation (SMC)",
bookTitle="Encyclopedia of Cryptography and Security",
year="2011",
publisher="Springer US",
address="Boston, MA",
pages="1121--1123",
isbn="978-1-4419-5906-5",
doi="10.1007/978-1-4419-5906-5_766",
url="https://doi.org/10.1007/978-1-4419-5906-5_766"
}