
@article{PS_signature,
    author = {David Pointcheval and Olivier Sanders},
    title = {Short randomizable signatures},
    journal = {InCT-RSA 2016},
    year = {2016},
}