@article{PS_signature,
    author = {David Pointcheval and Olivier Sanders},
    title = {Short randomizable signatures},
    journal = {InCT-RSA 2016},
    year = {2016},
}

@inproceedings{Shokri,
author = {Shokri, Reza and Theodorakopoulos, Georgios and Troncoso, Carmela and Hubaux, Jean-Pierre and Le Boudec, Jean-Yves},
year = {2012},
month = {10},
pages = {617-627},
title = {Protecting location privacy: Optimal strategy against localization attacks},
isbn = {9781450316514},
journal = {Proceedings of the ACM Conference on Computer and Communications Security},
doi = {10.1145/2382196.2382261}
}